@Misc{nist,
author = {{J.H.~Hubbell} and {S.M.~Seltzer}},
HOWPUBLISHED = {{Tables of X-Ray Mass Attenuation Coefficients and Mass Energy-Absorption Coefficients
(ver. 1.4), [Online]. Available:
{\tt{http://physics.nist.gov/xaamdi}} [2020, April 23].
National Institute of Standards and Technology,
Gaithersburg, MD.}},
year = {2004},
}

@Mis{nistrange,
  author = {{M.J.~Berger} and {J.S.~Coursey} and {M.A.~Zucker} and {J.~Chang}},
  HOWPUBLISHED = {{Stopping-Power and Range Tables for Electrons, Protons, and Helium Ions,
  [Online]. Available:
  {\tt{https://dx.doi.org/10.18434/T4NC7P}} [2020, April 23].
  National Institute of Standards and Technology,
  Gaithersburg, MD.}},
  year={2017},
}

@book{taylor,
    author = {Taylor, John R.},
    howpublished = {Paperback},
    isbn = {093570275X},
    keywords = {introduction, physics, probability\_theory, textbooks},
    posted-at = {2013-11-01 21:04:25},
    priority = {2},
    publisher = {University Science Books},
    title = {{An Introduction to Error Analysis: The Study of Uncertainties in Physical Measurements}},
    url = {http://www.amazon.com/exec/obidos/redirect?tag=citeulike07-20\&path=ASIN/093570275X},
    year = {1997},
    chapter={3}
}

@book{melissinos,
  place={San Diego},
  title={Experiments in modern physics},
  publisher={Academic Press},
  author={Melissinos, Adrian C. and Napolitano, Jim},
  year={2011}
}

@book{krane,
  place={New York},
  title={Introductory nuclear physics},
  isbn={9780471805533},
  publisher={John Wiley and Sons},
  author={Krane, Kenneth S.},
  year={2005}
}

@book{knoll,
  place={Hoboken, NJ},
  title={Radiation detection and measurement},
  publisher={Wiley},
  isbn={978-0470131480},
  author={Knoll, Glenn F.},
  year={2010}
}

@dataset{dataset,
author = {Konefa≈Ç, Adam},
year = {2014},
month = {12},
pages = {},
title = {InTech-Undesirable radioisotopes induced by therapeutic beams from medical linear accelerators}
}

@misc{excel,
  title= {{MS Excel LINEST Function Description}},
  howpublished = {\url{https://bit.ly/35aMzEM}},
  note = {Accessed: 2020-04-24}
}
